@inproceedings{Halbwachs:91,
   author = {N. Halbwachs},
   title  = {Conception de syst\`eme r\'eactifs, les langages synchrones},
   year = "1991",
   address = {IMAG/LGI Grenoble}
}

@inproceedings{JMR:93,
   author = {Jean Marie Rifflet},
   title  = {La programmation sous {UNIX}},
   year = "1993",
   address = {Ediscience International}
}

@inproceedings{JMR:94,
   author = {Jean Marie Rifflet},
   title  = {La communication sous {UNIX}, Chap. 3 : {POSIX} et les threads},
   year = "1994",
   address = {Ediscience International}
}

@inproceedings{LYNX,
   author = {{Lynx RTS}},
   title  = {{LynxOS} reference manual},
   year = "1993"
}

@inproceedings{Delchini:95,
   author = {H. Delchini},
   title  = {Conception, d\'eveloppement et \'evaluation d'un langage de programmation adapt\'e aux applications industrielles : {llC}},
   year = "1995"
}

@inproceedings{KR:88,
   author = {B. Kernighan and D. Ritchie},
   title  = {The ANSI C programming language},
   year = "1988",
   address = {Prentice Hall Software Series}
}

@inproceedings{ADA:83,
   author = {{Norme ANSI}},
   title  = {Reference Manual for ADA},
   year = "1983"
}

@inproceedings{VRTX:90,
   author = {J. Ready},
   title = {The {VRTX-32/29000} User's Guide},
   year = "1990",
   address = {Mentor Graphics}
}

@inproceedings{AMD29000:91,
   author = {{Advanced Micro Devices}},
   title  = {The AMD29050 Microprocessor Reference Manual},
   year = "1991"
}

@inproceedings{Arnold:90,
   author = {A. Arnold},
   title  = {Syst\`emes de transitions finis et s\'emantique des processus communicants},
   year = "1990"
}

@inproceedings{Booch:86,
   author = {G. Booch},
   title  = {Software engineering with ADA},
   year = "1986"
}

@inproceedings{ArnoldNivat:82,
   author = {A. Arnold and M. Nivat},
   title  = {Comportements de Processus},
   year = "1982",
   address = {colloque AFCET, Paris}
}

@inproceedings{OASIS:98,
  author    = {V. David and
               J. Delcoigne and
               E. Leret and
               A. Ourghanlian and
               P. Hilsenkopf and
               P. Paris},
  title  = {{Safety properties ensured by the OASIS model for safety critical real time systems}},
  booktitle = {Proc. of the 17th Int. Conf. on Computer Safety, Reliability and Security (SAFECOMP'98)},
  publisher = {Springer},
  series    = {Lecture Notes in Computer Science},
  volume    = {1516},
  year      = {1998},
  pages     = {45-59},
  address = {Heidelberg, Germany}
}
